@article{mckinsey-generative-ai,
    author={{McKinsey \& Company}},
    year={2023},
    title={What is generative AI?},
    url={https://www.mckinsey.com/featured-insights/mckinsey-explainers/what-is-generative-ai}
}


@article{gradientpub-prompt,
    author = {{GAO, T.}},
    title = {Prompting: Better Ways of Using Language Models for NLP Tasks},
    journal = {The Gradient},
    year = {2021},
    url = {https://thegradient.pub/prompting/},
}


@article{kigma-vaes,
	doi = {10.1561/2200000056},
	url = {https://doi.org/10.1561%2F2200000056},
	year = 2019,
	publisher = {Now Publishers},
	volume = {12},
	number = {4},
	pages = {307--392},
	author = {Diederik P. Kingma and Max Welling}, 
	title = {An Introduction to Variational Autoencoders}, 
	journal = {Foundations and Trends{\textregistered} in Machine Learning}
}


@article{ieee-1028-2008,
    author={IEEE},
    journal={IEEE Std 1028-2008}, 
    title={IEEE Standard for Software Reviews and Audits}, 
    year={2008},
    pages={1-53},
    publisher={IEEE},
    doi={10.1109/IEEESTD.2008.4601584}
}
