@book{bridging-semantic-gap,
    author={{\MakeUppercase{Kwaśnicka}, H.} and {JAIN, L. C.}},
    title={Bridging the Semantic Gap in Image and Video Analysis},
    year={2018},
    publisher={Springer Cham},
    doi={https://doi.org/10.1007/978-3-319-73891-8},
    isbn={978-3-319-73891-8},
    location={Berlin, Germany}
}


@book{norman-draper-user-centered-system-design,
    author = {{NORMAN, D. A.} and {DRAPER, S. W.}},
    title = {User Centered System Design - New Perspectives on Human-Computer Interaction},
    year = {1986},
    isbn = {978-0-898-59872-8},
    publisher = {L. Erlbaum Associates Inc.},
    address = {USA}
}


@book{uml,
    author={{FOWLER, M.}},
    title={UML Distilled - A Brief Guide to the Standard Object Modeling Language},
    publisher={Addison-Wesley Professional, Boston},
    isbn={978-0-321-19368-1}
}


@book{hausser-ps-grammar,
      title={Grundlagen der Computerlinguistik: Mensch-Maschine-Kommunikation in nat{\"u}rlicher Sprache},
      author={{HAUSSER, R. R.}},
      isbn={978-3-64257-306-4},
      url={https://books.google.de/books?id=FW\_zBQAAQBAJ},
      year={2013},
      publisher={Springer Berlin Heidelberg}
}


@book{orlly-deep-gen-learning,
    author={{FOSTER, D.}},
    title={Generatives Deep Learning},
    year={2020},
    isbn={978-3-96009-128-8},
    publisher={O'Reilly},
    url={https://dpunkt.de/produkt/generatives-deep-learning/},
    note={\url{https://www.assets.dpunkt.de/leseproben/13535/2_Generative Modellierung.pdf}}
}
%https://www.assets.dpunkt.de/leseproben/13535/2_Generative%20Modellierung.pdf


@book{klinkhammer-genai,
     title = {Künstliche Intelligenz in der Radikalisierungsforschung: Synopse von Grundlagenwissen, Weiterbildungsangeboten und Limitationen},
     author = {{KLINKHAMMER, D.}},
     year = {2023},
     series = {MOTRA-Spotlight},
     pages = {13},
     volume = {06/23},
     address = {Wiesbaden},
     publisher = {MOTRA-Verbund Monitoringsystem und Transferplattform Radikalisierung},
     doi = {https://doi.org/10.57671/motra-2023006}
}


@inbook{fuh-func-behavior-uml,
     title={Kurseinheit 3: Funktions- und Verhaltensmodellierung},
     author={{SIX, H.} and {WINTER, M.}},
     pages={132-133},
     publisher={Fernuniversität in Hagen},
     note={Lehrtext des Kurses: Software Engineering, Kurseinheit 3},
     year={2020},
     url={https://vu.fernuni-hagen.de/lvuweb/lvuauth/file/FeU/Informatik/2020WS/01793/material/ke/ke1/01793-03-S1-002628910.pdf}
}
