@inproceedings{semantic-gap-def,
    author = {{HEIN, A. M.}},
    year = {2010},
    month = {01},
    pages = {},
    title = {Identification and Bridging of Semantic Gaps in the Context of Multi-Domain Engineering}
}

@inproceedings{machine-learning-algorithms-quick-review,
  author={{RAY, S.}},
  booktitle={2019 International Conference on Machine Learning, Big Data, Cloud and Parallel Computing (COMITCon)},
  title={A Quick Review of Machine Learning Algorithms},
  year={2019},
  volume={},
  number={},
  pages={35-39},
  doi={10.1109/COMITCon.2019.8862451}
}
