@preamble{"
    \newcommand{\swa}{WAGENPFEIL, S.}
    \newcommand{\pmck}{MC KEVITT, P.}
    \newcommand{\hmj}{HEMMJE, M.}
    \newcommand{\nunamaker}{NUNAMAKER, J. F. Jr}
    \newcommand{\feng}{ENGEL, F.}
"}

@dissertation{swa_diss,
    Author = {\swa{}},
    Title = {Smart Multimedia Information Retrieval},
    Publisher = {Fernuniversität in Hagen},
    Address = {Hagen},
    Year = {2022},
    Institution = {Fernuniversit\"at in Hagen},
    faculty = {Fakult\"at f\"ur Mathematik und Informatik},
    Type = {Dissertation},
    DOI = {10.18445/20220718-214959-0},
    URL = {https://doi.org/10.18445/20220718-214959-0},
    urldate={}
}

@phdthesis{t,
    Author = {\swa{}:},
    Title = {Smart Multimedia Information Retrieval},
    Publisher = {Fernuniversität in Hagen},
    Address = {Hagen},
    Year = {2022},
    Institution = {Fernuniversit\"at in Hagen},
    Faculty = {Lehrgebiet Multimedia und Internetanwendungen},
    Type = {Dissertation},
    Year = {2022},
    DOI = {10.18445/20220718-214959-0},
    URL = {https://doi.org/10.18445/20220718-214959-0}
}

@article{aufgbst_gcvis,
    author = {\swa{} and \hmj{}},
    title = {Erklärbarkeit und Visualisierung von Graph Codes mittels generativer KI},
    journal = {Journal Not Specified},
    howpublished = {Private Communication / Unpublished},
    year = {2023},
}



%% Artikel

@article{towards_auto_sem_expl_mmfg,
    author = {\swa{} and \pmck{} and \hmj{}},
    title = {Towards \\ Automated Semantic Explainability of Multimedia Feature Graphs},
    journal = {Information},
    volume = {12},
    year = {2021},
    number = {12},
    article-number = {502},
    url = {https://www.mdpi.com/2078-2489/12/12/502},
    issn = {2078-2489},
    doi = {10.3390/info12120502}
}

@article{gc-2d-proj-mmfg,
	  title     = {Graph Codes-2D Projections of Multimedia Feature Graphs for Fast and Effective Retrieval},
	  author    = {\swa{} and \feng{} and \pmck{} and \hmj{}},
	  journal   = {International Journal of Computer and Information Engineering},
	  volume    = {15},
	  number    = {12},
	  year      = {2021},
	  pages     = {636 - 648},
	  ee        = {https://publications.waset.org/pdf/10012350},
	  url   	= {https://publications.waset.org/vol/180},
	  issn  	= {eISSN: 1307-6892},
	  publisher = {World Academy of Science, Engineering and Technology},
	  index 	= {Open Science Index 180, 2021},
}

@article{ai-based-sem-ind-retr-soc,
    author = {\swa{} and \feng{} and \pmck{} and \hmj{}},
    title = {AI-Based Semantic Multimedia Indexing and Retrieval for Social Media on Smartphones},
    journal = {Information},
    volume = {12},
    year = {2021},
    number = {1},
    article-number = {43},
    url = {https://www.mdpi.com/2078-2489/12/1/43},
    issn = {2078-2489},
    doi = {10.3390/info12010043}
}

@Article{exp-mmfg,
    AUTHOR = {\swa{} and \pmck{} and {CHEDDAD, A.} and \hmj{}},
    TITLE = {Explainable Multimedia Feature Fusion for Medical Applications},
    JOURNAL = {Journal of Imaging},
    VOLUME = {8},
    YEAR = {2022},
    NUMBER = {4},
    ARTICLE-NUMBER = {104},
    URL = {https://www.mdpi.com/2313-433X/8/4/104},
    ISSN = {2313-433X},
    DOI = {10.3390/jimaging8040104}
}

@Article{jour-smmir,
    AUTHOR = {\swa{} and \pmck{} and \hmj{}},
    TITLE = {Smart Multimedia Information Retrieval},
    JOURNAL = {Analytics},
    VOLUME = {2},
    YEAR = {2023},
    NUMBER = {1},
    PAGES = {198--224},
    URL = {https://www.mdpi.com/2813-2203/2/1/11},
    ISSN = {2813-2203},
    DOI = {10.3390/analytics2010011}
}


@article{fast-effec-retr-large-collec,
    author = {\swa{} and {VU, B.} and \pmck{} and \hmj{}},
    title = {Fast and Effective Retrieval for Large Multimedia Collections},
    journal = {Big Data and Cognitive Computing},
    volume = {5},
    year = {2021},
    number = {3},
    article-number = {33},
    url = {https://www.mdpi.com/2504-2289/5/3/33},
    issn = {2504-2289},
    doi = {10.3390/bdcc5030033}
}

@article{nunamaker,
    author       = {\nunamaker{} and {CHEN, M.} and {PURDIN, T.}},
    howpublished = {online},
    issn         = {0742-1222},
    journal      = {Journal of Management Information Systems},
    number       = {3},
    pages        = {89-106},
    title        = {Systems Development in Information Systems Research.},
    type         = {article},
    doi          = {10.1080/07421222.1990.11517898},
    volume       = {7},
    year         = {1991},
}


%% Online Quellen

@online{gmaf_github,
    author = {\swa{}},
    title = {Github Repository of GMAF and MMFVG},
    url = {https://github.com/stefanwagenpfeil/GMAF},
    urldate = {2023-03-04},
    year = {2023},
}

@online{gmaf_website,
    author = {\swa{}},
    title = {GMAF - Dr.-Ing. Stefan Wagenpfeil},
    url = {http://www.stefan-wagenpfeil.de/gmaf/},
    year = {2023}
}


@phdthesis{Kreische2004,
  author      = {{KREISCHE, D}},
  title       = {Gesch{\"a}ftsprozessmodellierung mit der Unified Modeling Language (UML)},
  school      = {Friedrich-Alexander-Universit{\"a}t Erlangen-N{\"u}rnberg (FAU)},
  year        = {2004}
}
