@preamble{"
    \newcommand{\oliverb}{BENDEL, O.}
    \newcommand{\lrabe}{RABE, L.}
"}

% Quelle: Definition von Digitalisierung.
@online{gabler-digitalisierung,
    author= {\oliverb{}},
    title={Digitalisierung • Definition | Gabler Wirtschaftslexikon},
    year={2021},
    maintitle={Digitalisierung},
    url={https://wirtschaftslexikon.gabler.de/definition/digitalisierung-54195/version-384620},
    organization={Springer Nature}
}


% Quelle: Statistik zu Anzahl von Internetnutzern.
@online{statista-onliner-2022,
    author={\lrabe{}},
    title={Anzahl der Internetnutzer weltweit bis 2022},
    year={2022},
    publisher={ITU},
    organization={ITU},
    url={https://de-statista-com.ub-proxy.fernuni-hagen.de/statistik/daten/studie/805920/umfrage/anzahl-der-internetnutzer-weltweit/}
}


% Quelle: Statistik zur Nutzung von Social Media während Covid.
@online{statista-covid-social-media-use,
    author={\lrabe{}},
    title={Wie wirkt sich das Coronavirus auf die Nutzung digitaler Medien aus?},
    year={2022},
    url={https://de.statista.com/themen/6289/auswirkungen-des-coronavirus-covid-19-auf-digitale-medien/#topicOverview}
}


%Quelle: Statistik zur Anzahl internetfähiger Geräte.
@online{statista-iot-devices,
    author={{VAILSHERY, L. S.}},
    title={Number of IoT connected devices worldwide 2019-2021, with forecasts to 2030},
    year={2022},
    url={https://www-statista-com.ub-proxy.fernuni-hagen.de/statistics/1183457/iot-connected-devices-worldwide/}
}


% Quelle: Entwicklung der Digitalisierung während Covid.
@online{mckinsey-digitalization-covid,
    author={{McKinsey \& Company}},
    editor={{SEILER, D.}},
    year={2020},
    title={How COVID-19 has pushed companies over the technology tipping point—and transformed business forever},
    url={https://www.mckinsey.com/capabilities/strategy-and-corporate-finance/our-insights/how-covid-19-has-pushed-companies-over-the-technology-tipping-point-and-transformed-business-forever}
}


% Quelle: Instagram.
@online{instagram,
    author={{Instagram.com}},
    title={Instagram},
    year={2023},
    url={https://www.instagram.com}
}


% Quelle: Facebook.
@online{facebook,
    author={{Facebook.com}},
    title={Facebook},
    year={2023},
    url={https://www.facebook.com}
}


% Quelle: Snapchat.
@online{snapchat,
    author={{Snapchat.com}},
    title={Snapchat},
    year={2023},
    url={https://www.snapchat.com}
}


% Quelle: Datennutzung weltweit.
@online{global-mobile-data-usage,
    author={{TAYLOR, P.}},
    title={Mobile data usage worldwide, by device 2020-2027},
    year={2023},
    url={https://www-statista-com.ub-proxy.fernuni-hagen.de/statistics/1370201/global-mobile-data-usage/}
}


% Quelle: Digital Health Dossier
@online{digital-health-dossier,
    author={{Statista}},
    title={Statista dossier on the global digital health landscape},
    year={2023},
    url={https://www-statista-com.ub-proxy.fernuni-hagen.de/study/27232/digital-health-statista-dossier/}
}


% Quelle: Insider Intelligence - Wearable Technology Healthcare.
@online{insider-intelligence-wearables,
    author={{Insider Intelligence}},
    title={Latest trends in medical monitoring devices and wearable health technology (2023)},
    year={2023},
    url={https://www.insiderintelligence.com/insights/wearable-technology-healthcare-medical-devices/}
}


% Quelle: Definition von Semantik.
@online{gabler-semantik,
    author= {{THOMMEN, J.}},
    title={Semantik • Definition | Gabler Wirtschaftslexikon},
    year={2018},
    maintitle={Semantik},
    url={https://wirtschaftslexikon.gabler.de/definition/semantik-45619/version-268909},
    organization={Springer Nature}
}


@online{ai-anwendungsbereiche,
    author={{HEINRICH, L.}},
    title={Anwendungsgebiete von künstlicher Intelligenz},
    year={2022},
    url={https://datasolut.com/anwendungsgebiete-von-kuenstlicher-intelligenz/}
}


@online{harvard-history-ai-research,
    author={{ANYOHA, R.}},
    title={The History of Artificial Intelligence},
    year={2017},
    url={https://sitn.hms.harvard.edu/flash/2017/history-artificial-intelligence/}
}


@online{butterfly-poem,
    author={{HEUWERS, I.}},
    title={Schmetterling},
    year={2019},
    url={https://www.gedichte-oase.de/gedicht/kleiner-schmetterling}
}


@online{chatgpt,
    author={OpenAI},
    title={Introducing ChatGPT},
    year={2022},
    url={https://openai.com/blog/chatgpt}
}


@online{dall-e-2,
    author={OpenAI},
    title={DALL·E 2},
    year={2022},
    url={https://openai.com/product/dall-e-2}
}


@online{ai-ml-dl,
    author={Edley},
    title={Artificial Intelligence vs. Machine Learning vs. Deep Learning},
    year={2023},
    url={https://edley.de/insights/unterschied-artificial-intelligence-machine-deep-learning/}
}


@online{gen-ai-definition,
    author={{BENDEL, O.}},
    title={Generative KI • Definition | Gabler Wirtschaftslexikon},
    year={2023},
    url={https://wirtschaftslexikon.gabler.de/definition/generative-ki-124952/version-388556}
}


@online{google-ai-accessability,
    author={{MAZZONI, D.}},
    title={Using AI to give people who are blind the \enquote{full picture}},
    year={2019},
    url={https://blog.google/outreach-initiatives/accessibility/get-image-descriptions/}
}


@online{kfz-safety-states,
    author={{KFZ Serviceportal}},
    title={Sicherheitsrelevante Bauteile an Kraftfahrzeugen},
    year={2023},
    url={https://kfz-serviceportal.de/ratgeber/sicherheitsrelevante-bauteile-am-kfz/}
}


@online{head-up-display,
    author={{Kia Austria GmbH}},
    title={Kia-Stinger-Preisliste.pdf},
    year={2018},
    url={https://www.kia.com/content/dam/kwcms/kme/at/de/assets/contents/utility/Pricelist/Kia-Stinger-Preisliste.pdf}
}


@online{lego-easter-chick,
    author={{Lego Group}},
    title={Easter Chick},
    year={2019},
    url={https://zusammengebaut.com/anleitung-jetzt-dieses-knuffige-lego-kueken-nachbauen-68584/}
}


@online{sem-web,
    author={W3C.org},
    title={W3C Semantic Web Activity},
    year={2001},
    url={https://www.w3.org/2001/sw/}
}

@online{gen-ai-tech-target,
    author={LAWTON, G.},
    title={What is generative AI? Everything you need to know},
    year={2023},
    url={https://www.techtarget.com/searchenterpriseai/definition/generative-AI}
}


@online{synt-data-ibm,
    author={MARTINEAU, K.},
    title={What is synthetic data?},
    year={2023},
    url={https://research.ibm.com/blog/what-is-synthetic-data}
}
% https://research.ibm.com/blog/what-is-synthetic-data


@online{synth-data-eu,
    author={RIEMANN, R.},
    title={Synthetic Data},
    year={2023},
    url={https://edps.europa.eu/press-publications/publications/techsonar/synthetic-data_en}
}
%https://edps.europa.eu/press-publications/publications/techsonar/synthetic-data_en


@online{synth-mostlyai,
    author={{MOSTLY AI}},
    title={What is synthetic data?},
    year={2023},
    url={https://mostly.ai/synthetic-data/what-is-synthetic-data}
}
%https://mostly.ai/synthetic-data/what-is-synthetic-data


@online{computer-woche-genai,
    author={FRUHLINGER, J.},
    title={Was ist Generative AI?},
    year={2023}, %17.3.2023
    url={https://www.computerwoche.de/a/was-ist-generative-ai,3614061}
}
%https://www.computerwoche.de/a/was-ist-generative-ai,3614061


@online{turing-genai,
    author={Turing},
    title={Generative Models vs Discriminative Models: Which One to Choose?},
    url={https://www.turing.com/kb/generative-models-vs-discriminative-models-for-deep-learning},
    year={2023}
}
%https://www.turing.com/kb/generative-models-vs-discriminative-models-for-deep-learning


@online{bigdata-ins-genai,
    author={LUBER, S.},
    title={Was ist Generative AI?},
    url={https://www.bigdata-insider.de/was-ist-generative-ai-a-2ec9ecd5c114d4c94c48ea7092ec45ad/},
    year={2023}
}
%https://www.bigdata-insider.de/was-ist-generative-ai-a-2ec9ecd5c114d4c94c48ea7092ec45ad/


@online{eliza,
    author={RONKOWITZ, K.},
    title={Eliza, a chatbot therapist},
    year={2017},
    url={https://web.njit.edu/~ronkowit/eliza.html}
}
%https://web.njit.edu/~ronkowit/eliza.html


@online{medium-genai-history,
    author={DWHITE, M.},
    title={A Brief History of Generative AI},
    year={2023},
    url={https://matthewdwhite.medium.com/a-brief-history-of-generative-ai-cb1837e67106}

}
%https://matthewdwhite.medium.com/a-brief-history-of-generative-ai-cb1837e67106


@online{genai-landscape,
    author={Sequoia},
    title={The Generative AI Application Landscape},
    year={2023},
    url={https://www.sequoiacap.com/wp-content/uploads/sites/6/2022/09/genai-landscape-8.png}
}
%https://www.sequoiacap.com/wp-content/uploads/sites/6/2022/09/genai-landscape-8.png


@online{sequoia-genai,
    author={Sequoia},
    title={Generative AI: A Creative New World},
    year={2023},
    url={https://www.sequoiacap.com/article/generative-ai-a-creative-new-world/}
}
%https://www.sequoiacap.com/article/generative-ai-a-creative-new-world/


@online{midjourney-docs,
    author={Midjourney},
    title={Midjourney Quick Start Guide},
    year={2023},
    url={https://docs.midjourney.com/docs}
}
%https://docs.midjourney.com/docs


@online{midjourney-plans,
    author={Midjourney},
    title={Midjourney Subscription Plans},
    year={2023},
    url={https://docs.midjourney.com/docs/plans}
}
%https://docs.midjourney.com/docs/plans


@online{midjourney-tos,
    author={Midjourney},
    title={Midjourney Terms of Service},
    year={2023},
    url={https://docs.midjourney.com/docs/en/community-guidelines}
}


@online{sd-pricing,
    author={StabilityAI},
    title={Credits + Billing},
    year={2023},
    url={https://platform.stability.ai/docs/getting-started/credits-and-billing}
}
%https://platform.stability.ai/docs/getting-started/credits-and-billing


@online{openai-pricing,
    author={OpenAI},
    title={Pricing},
    year={2023},
    url={https://openai.com/pricing}
}
%https://openai.com/pricing


@online{openai-api-doc,
    author={OpenAI},
    title={API Reference - OpenAI API},
    year={2023},
    url={https://platform.openai.com/docs/api-reference}
}
%https://platform.openai.com/docs/api-reference


@online{dall-e-java-api,
    author={{KANNING, T.}},
    title={OpenAI-Java},
    year={2023},
    url={https://github.com/TheoKanning/openai-java}
}
%https://github.com/TheoKanning/openai-java


@online{rest,
    author={W3C},
    title={REST},
    year={2011},
    url={https://www.w3.org/2001/sw/wiki/REST}
}
%https://www.w3.org/2001/sw/wiki/REST


@online{machine-learning-data-absolut,
    auhtor={{WUTTKE, L.}},
    title={Machine Learning: Definition, Algorithmen, Methoden und Beispiele},
    year={2022},
    url={https://datasolut.com/was-ist-machine-learning/}
}
%https://datasolut.com/was-ist-machine-learning/


@online{machine-learning-big-data-insider,
    author={{LUBER, S.}, {LITZEL, N.}},
    title={Was ist Machine Learning?},
    year={2016},
    url={https://www.bigdata-insider.de/was-ist-machine-learning-a-592092/}
}
%https://www.bigdata-insider.de/was-ist-machine-learning-a-592092/


@online{mckinsey-economic-genai,
    author={{McKinsey \& Company}},
    title={The economic potential of generative AI: The next productivity frontier},
    year={2023},
    url={https://www.mckinsey.com/capabilities/mckinsey-digital/our-insights/the-economic-potential-of-generative-ai-the-next-productivity-frontier#key-insights}
}
%https://www.mckinsey.com/capabilities/mckinsey-digital/our-insights/the-economic-potential-of-generative-ai-the-next-productivity-frontier#key-insights


@online{machine-learning-ibm,
    author={IBM},
    title={What is unsupervised learning?},
    year={2023},
    url={https://www.ibm.com/topics/unsupervised-learning}
}


@online{deep-learning-ibm,
    author={IBM},
    title={Was ist Deep Learning?},
    year={2023},
    url={https://www.ibm.com/de-de/topics/deep-learning}
}


@online{deep-learning-data-absolut,
    author={{WUTTKE, L.}},
    title={Deep Learning: Definition, Beispiele \& Frameworks},
    year={2023},
    url={https://datasolut.com/was-ist-deep-learning/}
}


@online{explainable-ai-kobold,
    author={{Kobold AI}},
    title={Was ist Explainable AI (XAI)? Alles was man wissen muss},
    year={2023},
    url={https://www.kobold.ai/explainable-ai/}
}


@online{openai-gpt4-access,
    author={OpenAI},
    title={GPT-4 API general availability and deprecation of older models in the Completions API},
    year={2023},
    url={https://openai.com/blog/gpt-4-api-general-availability}
}


@online{gabler-responsible-ai,
    author={{BENDEL, O.}},
    title={Responsible AI • Definition | Gabler Wirtschaftslexikon},
    year={2021},
    url={https://wirtschaftslexikon.gabler.de/definition/responsible-ai-123232/version-384809}
}


@online{statista-forecast-ai-market-size,
    author={{THORMUNDSSON, B.}},
    title={Artificial intelligence (AI) market size worldwide in 2021 with a forecast until 2030},
    year={2023},
    url={https://www.statista.com/statistics/1365145/artificial-intelligence-market-size/}
}


@online{stable-diffusion,
    author={StabilityAI},
    title={Stable Diffusion — Stability AI},
    year={2023},
    url={https://stability.ai/stablediffusion}
}


@online{midjourney,
    author={Midjourney},
    title={Midjourney Documentation and User Guide},
    year={2023},
    url={https://docs.midjourney.com/}
}


@online{openai-gpt-sep-2021,
    author={OpenAI},
    title={Models - OpenAI API},
    year={2023},
    url={https://platform.openai.com/docs/models}
}


@online{sabre-pc-ai-hallucinations,
    author={SabrePC},
    title={What Causes Large Language Models to Hallucinate},
    year={2023},
    url={https://www.sabrepc.com/blog/Deep-Learning-and-AI/what-causes-large-language-models-to-hallucinate}
}


@online{bard-supported-countries,
    author={Google},
    title={Where you can use Bard},
    year={2023},
    url={https://support.google.com/bard/answer/13575153?hl=en}
}


@online{decoder-gpt-4-parameter-count,
    author={{BASTIAN, M.}},
    title={GPT-4 hat mehr als eine Billion Parameter - Bericht Midjourney prompted by GPT-4},
    year={2023},
    url={https://the-decoder.de/gpt-4-hat-eine-billion-parameter/}
}


@online{openai-gpt-4-announcement,
    author={OpenAI},
    title={GPT-4},
    year={2023},
    url={https://openai.com/research/gpt-4}
}


@online{basel-ml-arch,
    author={{IOANNIDOU, X.}},
    title={Generative AI \& Large Language Models for Life Sciences},
    year={2023},
    url={https://ml-architects.ch/blog_posts/llm_for_life_sciences.html}
}


@online{towards-data-science-icl,
    author={{NABI, J.}},
    title={In-Context Learning Approaches in Large Language Models},
    year={2023},
    url={https://towardsdatascience.com/in-context-learning-approaches-in-large-language-models-9c0c53b116a1}
}


@online{google-blog-io-23,
    author={{GHAHRAMANI, Z.}},
    title={Introducing PaLM 2},
    year={2023},
    url={https://blog.google/technology/ai/google-palm-2-ai-large-language-model/}
}


@online{google-bard,
    author={Google},
    title={Bard},
    year={2023},
    url={https://bard.google.com/}
}


@online{google-palm2-techreport,
    author={Google},
    title={PaLM 2 Technical Repor},
    year={2023},
    url={https://ai.google/static/documents/palm2techreport.pdf}
}


@online{google-palm-api-announcement,
    author={{HUFFMAN, S.}, {WOODWARD, J.}},
    title={PaLM API \& MakerSuite: an approachable way to start prototyping and building generative AI applications},
    year={2023},
    url={https://developers.googleblog.com/2023/03/announcing-palm-api-and-makersuite.html}
}


@online{google-palm-api-vertex-ai-waitlist,
    author={Google},
    title={Meet the PaLM API},
    year={2023},
    url={https://developers.generativeai.google/products/palm}
}


@online{google-vertex-ai-pricing,
    author={Google},
    title={Vertex AI - Preise},
    year={2023},
    url={https://cloud.google.com/vertex-ai/pricing?hl=de#europe}
}


@online{google-palm-api-faq,
    author={Google},
    title={Public preview FAQ},
    year={2023},
    url={https://developers.generativeai.google/guide/preview_faq}
}


@online{google-bard-faq,
    author={Google},
    title={Häufig gestellte Fragen zu Bard},
    year={2023},
    url={https://bard.google.com/faq}
}


@online{openai-chatgpt,
    author={OpenAI},
    title={Introducing ChatGPT},
    year={2022},
    url={https://openai.com/blog/chatgpt}
}


@online{openai-dall-e-seperate-billing,
    author={{JANG, J.}},
    title={How DALL·E Credits Work},
    year={2023},
    url={https://help.openai.com/en/articles/6399305-how-dall-e-credits-work}
}


@online{azumo-genai-power,
    author={{AGBAI, C.}, {Lorandi, J.}},
    title={The Power of Generative AI: A Complete Guide for Business},
    year={2023},
    url={https://azumo.com/insights/the-power-of-generative-ai-a-complete-guide-for-business}
}


@online{v7labs-llm-limitations,
    author={{KUNDU, R.}},
    title={Large Language Models (LLMs): Challenges, Predictions, Tutorial},
    year={2023},
    url={https://www.v7labs.com/blog/large-language-models-llms#limitations-of-large-language-models}
}


@online{stabilityai,
    author={StabilityAI},
    title={Stability AI},
    year={2023},
    url={https://stability.ai/}
}


@online{openai,
    author={OpenAI},
    title={OpenAI},
    year={2023},
    url={https://openai.com/}
}


@online{nvidia-llm,
    author={Nvidia},
    title={Large Language Models Explained},
    year={2023},
    url={https://www.nvidia.com/en-us/glossary/data-science/large-language-models/}
}


@online{skimai-prompts,
    author={SkimAI},
    title={Understanding the Role of Prompts in ChatGPT and other Language Models},
    year={2023},
    url={https://skimai.com/role-of-prompts-in-gpt-and-ai-language-models/}
}


@online{promptingguide-basiscs-prompting,
    author={DAIR.AI},
    title={Basics of Prompting},
    year={2023},
    url={https://www.promptingguide.ai/introduction/basics}
}


@online{promptingguide,
    author={DAIR.AI},
    title={Prompt Engineering Guide},
    year={2023},
    url={https://www.promptingguide.ai/}
}


@online{hopsworks-prompt-engineering,
    author={Hopsworks},
    title={Prompt Engineering},
    year={2023},
    url={https://www.hopsworks.ai/dictionary/prompt-engineering}
}


@online{promptingguide-zero-shot,
    author={DAIR.AI},
    title={Zero-Shot Prompting},
    year={2023},
    url={https://www.promptingguide.ai/techniques/zeroshot}
}


@online{promptingguide-few-shot,
    author={DAIR.AI},
    title={Few-Shot Prompting},
    year={2023},
    url={https://www.promptingguide.ai/techniques/fewshot}
}


@online{promptingguide-cot,
    author={DAIR.AI},
    title={Chain-of-Thought Prompting},
    year={2023},
    url={https://www.promptingguide.ai/techniques/cot}
}


@online{ibm-ai-ml-dl,
    author={{IBM Data and AI Team}},
    title={AI vs. Machine Learning vs. Deep Learning vs. Neural Networks: What’s the difference?},
    year={2023},
    url={https://www.ibm.com/blog/ai-vs-machine-learning-vs-deep-learning-vs-neural-networks/}
}


@online{resemble-ai,
    author={{Resemble.AI}},
    title={AI Voice Generator with Text-to-Speech and Speech-to-Speech},
    year={2023},
    url={https://www.resemble.ai/}
}


@online{eleven-labs,
    author={{ElevenLabs Inc.}},
    title={ElevenLabs - Generative AI Text to Speech \& Voice Cloning},
    year={2023},
    url={https://elevenlabs.io/}
}


@online{bark,
    author={{Suno.AI}},
    title={Text-Prompted Generative Audio Model},
    year={2023},
    url={https://github.com/suno-ai/bark}
}


@online{runway-ml,
    author={{Runway AI, Inc.}},
    title={Runway - Advancing creativity with artificial intelligence.},
    year={2023},
    url={https://runwayml.com/}
}


@online{synthesia,
    author={{Synthesia}},
    title={Synthesia | \#1 AI Video Generator},
    year={2023},
    url={https://www.synthesia.io/}
}


@online{rephrase-ai,
    author={{Rephrase.ai}},
    title={Rephrase.ai: Convert Text into Engaging AI Videos in Minutes},
    year={2023},
    url={https://www.rephrase.ai/}
}


@online{openai-community-library,
    author={OpenAI},
    title={Libraries - OpenAI API},
    year={2023},
    url={https://platform.openai.com/docs/libraries/community-libraries}
}


@online{openai-cloud-services,
    author={OpenAI},
    title={OpenAI and Microsoft extend partnership},
    year={2023},
    url={https://openai.com/blog/openai-and-microsoft-extend-partnership}
}


@online{openai-docs-intro,
    author={OpenAI},
    title={Introduction},
    year={2023},
    url={https://platform.openai.com/docs/introduction}
}


@online{postman-state-of-api-2023,
    author={Postman},
    title={2023 State of the API Report | API Technologies},
    year={2023},
    url={https://www.postman.com/state-of-api/api-technologies/#api-technologies}
}


@online{openai-openapi-spec,
    author={OpenAI},
    title={OpenAPI.yaml},
    year={2023},
    url={https://github.com/openai/openai-openapi/blob/master/openapi.yaml}
}


@online{openai-model-tiktoken,
    author={OpenAI},
    title={Model.py},
    year={2023},
    url={https://github.com/openai/tiktoken/blob/main/tiktoken/model.py}
}


@online{openai-tokenizer,
    author={OpenAI},
    title={Tokenizer},
    year={2023},
    url={https://platform.openai.com/tokenizer}
}


@online{openai-python-tiktoken,
    author={OpenAI},
    title={tiktoken},
    year={2023},
    url={https://github.com/openai/tiktoken}
}


@online{openai-java-jtokkit,
    author={{Knuddels GmbH \& Co. KG}},
    title={JTokkit},
    year={2023},
    url={https://jtokkit.knuddels.de/}
}


@online{reddit-venice-midjourney,
    author={Maintenance\_Mental},
    title={Famous Cities as a Venice : r/midjourney},
    year={2023},
    url={https://www.reddit.com/r/midjourney/comments/13dzenp/famous_cities_as_a_venice/}
}


@online{java,
    author={Oracle},
    title={Java | Oracle},
    url={https://www.java.com/de/},
    year={2023}
}


@online{maven,
    author={Apache Maven Project},
    title={Maven - Welcome to Apache Maven},
    url={https://maven.apache.org/},
    year={2023}
}


@online{ieee,
    author={IEEE},
    title={IEEE - The world's largest technical professional organization dedicated to advancing technology for the benefit of humanity.},
    url={https://www.ieee.org/},
    year={2023}
}


@online{rup-quality,
    author={Quality Services \& Wissen GmbH},
    title={RUP - Rational Unified Process | QUALITY.DE},
    url={https://www.quality.de/lexikon/rup-rational-unified-process/},
    year={2023}
}


@online{rup-inff,
    author={Informatik Forum Simon},
    title={Rational Unified Process (RUP)},
    url={http://www.infforum.de/themen/anwendungsentwicklung/se-rup.htm},
    year={2023}
}


@online{omg,
    author={Object Management Group},
    title={OMG | Object Management Group},
    url={https://www.omg.org/},
    year={2023}
}


@online{omg-uml,
    author={Object Management Group},
    title={UML},
    url={http://www.omg.org/spec/UML/},
    year={2015}
}


@online{ibm-uml,
    author={{BELL, D.}},
    title={},
    url={https://developer.ibm.com/articles/an-introduction-to-uml/},
    year={2003}
}


@online{visual-paradigm-uml,
    author={Visual Paradigm},
    title={What is Unified Modeling Language (UML)?},
    url={https://www.visual-paradigm.com/guide/uml-unified-modeling-language/what-is-uml/},
    year={2023}
}


@online{gson,
    author={Google},
    title={Gson},
    url={https://github.com/google/gson},
    year={2023}
}


@online{openai-chat-compl-roles,
    author={{J., J.}},
    title={ChatGPT API Transition Guide},
    url={https://help.openai.com/en/articles/7042661-chatgpt-api-transition-guide},
    year={2023}
}


%onliner
%Schätzung zur Anzahl der Internetnutzer weltweit für die Jahre 2005 bis 2022 (in Millionen) [Graph], ITU, 19. September, 2022. [Online]. Verfügbar: https://de-statista-com.ub-proxy.fernuni-hagen.de/statistik/daten/studie/805920/umfrage/anzahl-der-internetnutzer-weltweit/

%iot
%Number of Internet of Things (IoT) connected devices worldwide from 2019 to 2021, with forecasts from 2022 to 2030 (in billions) [Graph], Transforma Insights, July 1, 2022. [Online]. Available: https://www-statista-com.ub-proxy.fernuni-hagen.de/statistics/1183457/iot-connected-devices-worldwide/

%data usage worldwide
%https://www-statista-com.ub-proxy.fernuni-hagen.de/statistics/1370201/global-mobile-data-usage/

%digital health
%https://www-statista-com.ub-proxy.fernuni-hagen.de/study/27232/digital-health-statista-dossier/

%wearables-medical
%https://www.insiderintelligence.com/insights/wearable-technology-healthcare-medical-devices/

%wearable-image
%https://pixabay.com/photos/watch-smarwatch-alcatel-pulse-1240356/